<?xml version="1.0" encoding="UTF-8" ?>
<collection xmlns:xsi="http://www.w3.org/2001/XMLSchema-instance" xsi:schemaLocation="http://www.loc.gov/MARC21/slim http://www.loc.gov/standards/marcxml/schema/MARC21slim.xsd" xmlns="http://www.loc.gov/MARC21/slim">
   <record>
      <leader>     cam a22        4500</leader>
      <controlfield tag="001">3753233</controlfield>
      <controlfield tag="003">NIC</controlfield>
      <controlfield tag="005">20141222215016.0</controlfield>
      <controlfield tag="008">830322m19689999iq h          000 0cara  </controlfield>
      <datafield tag="010" ind1=" " ind2=" ">
         <subfield code="a">   79235910 //r </subfield>
      </datafield>
      <datafield tag="035" ind1=" " ind2=" ">
         <subfield code="a">(NIC)notisASX1481</subfield>
      </datafield>
      <datafield tag="035" ind1=" " ind2=" ">
         <subfield code="a">(OCoLC)9332240</subfield>
      </datafield>
      <datafield tag="035" ind1=" " ind2=" ">
         <subfield code="a">3753233</subfield>
      </datafield>
      <datafield tag="040" ind1=" " ind2=" ">
         <subfield code="a">DLC</subfield>
         <subfield code="c">TKN</subfield>
         <subfield code="d">TKN</subfield>
         <subfield code="d">NIC</subfield>
      </datafield>
      <datafield tag="050" ind1="0" ind2=" ">
         <subfield code="a">DS51.B3</subfield>
         <subfield code="b">M84</subfield>
      </datafield>
      <datafield tag="100" ind1="1" ind2=" ">
         <subfield code="a">al-Mundhirī, ʻAbd al-ʻAẓīm ibn ʻAbd al-Qawī,</subfield>
         <subfield code="d">1185-1258.</subfield>
      </datafield>
      <datafield tag="245" ind1="1" ind2="3">
         <subfield code="a">al-Takmilah li-Wafayāt al-naqlah</subfield>
         <subfield code="c">[ʾAllafahū] Zakī al-Dīn AbūMuḥammad ʻAbd al-ʻAẓīm Ibn ʻAbd al-Qawī al-Mundhirī. Ḥaqqaqahū wa-ʻAllaqa ʻAlayhi Bashshār ʻAwwād Maʻrūf.</subfield>
      </datafield>
      <datafield tag="260" ind1=" " ind2=" ">
         <subfield code="a">al-Najaf,</subfield>
         <subfield code="b">Maṭbaʻat al-ʾĀdāb</subfield>
         <subfield code="c">1968-</subfield>
      </datafield>
      <datafield tag="300" ind1=" " ind2=" ">
         <subfield code="a">v.</subfield>
         <subfield code="b">facsims.</subfield>
         <subfield code="c">24 cm.</subfield>
      </datafield>
      <datafield tag="500" ind1=" " ind2=" ">
         <subfield code="a">Cover title: at-Takmilah liwafayat an-naqlah; von Zaki ad-Din al-Mundhiri.</subfield>
      </datafield>
      <datafield tag="505" ind1="0" ind2=" ">
         <subfield code="a">Mujallad 1. 582-591 H.- Mujallad 2. 592-599 H.- Mujallad 3. 581-656 H.- Mujallad 4. 609-616 H.</subfield>
      </datafield>
      <datafield tag="651" ind1=" " ind2="0">
         <subfield code="a">Baghdad (Iraq)</subfield>
         <subfield code="v">Biography.</subfield>
      </datafield>
      <datafield tag="651" ind1=" " ind2="7">
         <subfield code="a">Iraq</subfield>
         <subfield code="z">Baghdad</subfield>
         <subfield code="2">fast</subfield>
         <subfield code="0">(OCoLC)fst01207444</subfield>
      </datafield>
      <datafield tag="655" ind1=" " ind2="7">
         <subfield code="a">Biography</subfield>
         <subfield code="2">fast</subfield>
         <subfield code="0">(OCoLC)fst01423686</subfield>
      </datafield>
      <datafield tag="700" ind1="1" ind2=" ">
         <subfield code="a">Maʻrūf, Bashshār ʻAwwād,</subfield>
         <subfield code="e">ed.</subfield>
      </datafield>
      <datafield tag="740" ind1="3" ind2=" ">
         <subfield code="a">at-Takmilah liwafayat an-naqlah.</subfield>
      </datafield>
      <datafield tag="905" ind1=" " ind2=" ">
         <subfield code="a">20000210120000.0</subfield>
      </datafield>
      <datafield tag="948" ind1="2" ind2=" ">
         <subfield code="a">20121023</subfield>
         <subfield code="b">m</subfield>
         <subfield code="d">batch</subfield>
         <subfield code="e">lts</subfield>
         <subfield code="x">remove999</subfield>
      </datafield>
      <datafield tag="948" ind1="2" ind2=" ">
         <subfield code="a">20141222</subfield>
         <subfield code="b">m</subfield>
         <subfield code="d">batch</subfield>
         <subfield code="e">lts</subfield>
         <subfield code="x">addfast</subfield>
      </datafield>
      <datafield tag="950" ind1=" " ind2=" ">
         <subfield code="l">OLIN</subfield>
         <subfield code="x">9999</subfield>
         <subfield code="a">DS51.B3</subfield>
         <subfield code="b">M96</subfield>
      </datafield>
      <datafield tag="903" ind1=" " ind2=" ">
         <subfield code="a">NYUACO</subfield>
         <subfield code="d">20150421</subfield>
         <subfield code="p">31924088412824</subfield>
      </datafield>
      <datafield tag="950" ind1=" " ind2=" ">
         <subfield code="a">DS51.B3</subfield>
         <subfield code="b">M96</subfield>
         <subfield code="v">v.1 </subfield>
      </datafield>
      <datafield tag="903" ind1=" " ind2=" ">
         <subfield code="a">NYUACO</subfield>
         <subfield code="d">20150421</subfield>
         <subfield code="p">31924088412832</subfield>
      </datafield>
      <datafield tag="950" ind1=" " ind2=" ">
         <subfield code="a">DS51.B3</subfield>
         <subfield code="b">M96</subfield>
         <subfield code="v">v.2 </subfield>
      </datafield>
   </record>
</collection>
